%% This BibTeX bibliography file was created using BibDesk.
%% http://bibdesk.sourceforge.net/


%% Created for Emily Schlafly at 2016-03-21 02:40:45 -0500 


%% Saved with string encoding Unicode (UTF-8) 



@unpublished{emily-yuliy,
	Author = {Yuliy Baryshnikov and Emily Schlafly},
	Date-Added = {2016-03-21 07:25:28 +0000},
	Date-Modified = {2016-03-21 07:29:21 +0000},
	Note = {Manuscript submitted for publication},
	Title = {Cyclicity in multivariate time series and applications to functional MRI data},
	Year = {2016}}
